@inproceedings{Ambite,
  author    = {Jos{\'e} Luis Ambite and
               Vinay K. Chaudhri and
               Richard Fikes and
               Jessica Jenkins and
               Sunil Mishra and
               Maria Muslea and
               Tom{\'a}s E. Uribe and
               Guizhen Yang},
  title     = {Design and Implementation of the CALO Query Manager},
  booktitle = {AAAI},
  year      = {2006},
  bibsource = {DBLP, http://dblp.uni-trier.de}
}
 
 @article{Antezana,
  title={{Structuring the life science resourceome for semantic systems biology: lessons from the BioGateway Project}},
  author={Antezana, E. and Blond{\'e}, W. and Egana, M. and Rutherford, A. and Stevens, R. and De Baets, B. and Mironov, V. and Kuiper, M.},
  journal={PSWAT4LSÑBurger A, Paschke A, Romano, et al, eds},
  volume={435},
  year={2008}
}

 
@inproceedings{Battista,
  author    = {Alexander De Leon Battista and
               Natalia Villanueva-Rosales and
               Myroslav Palenychka and
               Michel Dumontier},
  title     = {SMART: A Web-Based, Ontology-Driven, Semantic Web Query
               Answering Application},
  booktitle = {Semantic Web Challenge},
  year      = {2007},
  ee        = {http://ceur-ws.org/Vol-295/paper17.pdf},
  bibsource = {DBLP, http://dblp.uni-trier.de}
}

@inproceedings{Jentzsch,
  author    = {Anja Jentzsch and Bo Andersson and Oktie Hassanzadeh and Susie Stephens and Christian Bizer},
  title     = {Enabling Tailored Therapeutics with Linked Data},
  booktitle = {World Wide Web Conference: Linked Data On the Web Workshop},
  year      = {2009},
  ee        = {http://events.linkeddata.org/ldow2009/papers/ldow2009_paper9.pdf},
}

@inproceedings{Tabulator,
   title	= "{Tabulator Redux: Browing and Writing Linked Data }", 
   booktitle	= "{Linked Data on the Web Workshop at WWW08}", 
   year		= {2008},
   author	= "{Tim Berners-Lee and James Hollenbach and Kanghao Lu and Joe Presbrey and Eric Prud'ommeaux and mc schraefel}"
}

@article{Goble,
 author = {Goble, Carole and Stevens, Robert},
 title = {State of the nation in data integration for bioinformatics},
 journal = {J. of Biomedical Informatics},
 volume = {41},
 number = {5},
 year = {2008},
 issn = {1532-0464},
 pages = {687--693},
 doi = {http://dx.doi.org/10.1016/j.jbi.2008.01.008},
 publisher = {Elsevier Science},
 address = {San Diego, USA},
 }

@article{Sharp,
 author = {Mark Sharp and Olivier Bodenreider and Nina Wacholder},
 title = {A Framework for Characterizing Drug Information Sources},
 booktitle = {American Medical Informatics Association},
 year      = {2008},
 ee        = {http://www.ncbi.nlm.nih.gov/pmc/articles/PMC2656044},
}

@article { Berners-Lee1,
author = {Tim Berners-Lee},
title= {Relational Databases on the Semantic Web, Design Issues},
url={http://www.w3.org/DesignIssues/RDB-RDF.html},
year={1998}
} 

@misc {LinkingData,
title= {W3C SWEO Community Project, Linking Open Data},
url={http://esw.w3.org/topic/SweoIG/TaskForces/CommunityProjects/LinkingOpenData},
} 

@article{Berners-Lee2,
    author = {Berners-Lee, Tim and Hendler, James and Lassila, Ora},
    citeulike-article-id = {1176986},
    citeulike-linkout-0 = {http://www.sciam.com/article.cfm?articleID=00048144-10D2-1C70-84A9809EC588EF21\&\#38;pageNumber=1\&\#38;catID=2},
    journal = {Scientific American},
    keywords = {519, 519-week10, semantic-web},
    month = {May},
    posted-at = {2007-03-20 06:05:50},
    priority = {2},
    title = {The Semantic Web: Scientific American},
    url = {http://www.sciam.com/article.cfm?articleID=00048144-10D2-1C70-84A9809EC588EF21\&\#38;pageNumber=1\&\#38;catID=2},
    year = {2001}
}

@article{Cheung,
  author = {K H Cheung and H R Frost and M S Marshall and E Prud'hommeaux and M Samwald and J Zhao and A Paschke},
  interHash = {3c64fcc8d28246aa23823136718fa0cb},
  intraHash = {6accb21965eb8f200e718b939f26cddb},
  journal = {BMC Bioinformatics},
  note = {"We have explored a tool called "FeDeRate", which enables a global SPARQL query to be decomposed into subqueries against the remote databases offering either SPARQL or SQL query interfaces."},
  title = {A journey to Semantic Web query federation in the life sciences},
  url = {http://www.ncbi.nlm.nih.gov/pubmed/19796394?dopt=Abstract},
  volume = {10 Suppl 10},
  year = {2009},
  pmid = {19796394},
  doi = {10.1186/1471-2105-10-S10-S10}
}

@article {DailyMed,
title={DailyMed, http://dailymed.nlm.nih.gov/dailymed/},
url={http://dailymed.nlm.nih.gov/dailymed/ }
}

@article{Dietze,
  author = {H Dietze and M Schroeder},
  interHash = {534b6e4d8993da9f0278b01f6308b122},
  intraHash = {19355cd8f499e281d492d8181425d6d9},
  journal = {BMC Bioinformatics},
  title = {GoWeb: a semantic search engine for the life science web},
  url = {http://www.ncbi.nlm.nih.gov/pubmed/19796404?dopt=Abstract},
  volume = {10 Suppl 10},
  year = {2009},
  pmid = {19796404},
  doi = {10.1186/1471-2105-10-S10-S7}
  }

@article {Diseasome, 
title={Diseasome, http://www4.wiwiss.fu-berlin.de/diseasome/},
url={http://www4.wiwiss.fu-berlin.de/diseasome/}  
}

@article {Sider, 
title={Sider, http://www4.wiwiss.fu-berlin.de/sider/},
url={http://www4.wiwiss.fu-berlin.de/sider/}  
}

@article{Dodds,
author={L. Dodds},
title={Twinkle: A SPARQL Query Tool, http://www.ldodds.com/projects/twinkle/},
url={http://www.ldodds.com/projects/twinkle/}
} 

@article{Drugbank,
title={Drugbank, http://www.drugbank.ca},
url={http://www.drugbank.ca}
} 

@article{GO,
title={Gene Ontology, http://www.geneontology.org},
url={http://www.geneontology.org}
}

@article{HCLSIG,
title={Health Care and Life Sciences Interest Group (HCLSIG), http://esw.w3.org/topic/HCLSIG},
url={http://esw.w3.org/topic/HCLSIG}
}

@inproceedings{Heim,
  author = {Philipp Heim and Sebastian Hellmann and Jens Lehmann and Steffen Lohmann and Timo Stegemann},
  booktitle = {SAMT},
  editor = {Tat-Seng Chua and Yiannis Kompatsiaris and Bernard Mérialdo and Werner Haas and Georg Thallinger and Werner Bailer},
  interHash = {8ed6c0383d08d363e6bb87250fd896cf},
  intraHash = {6b0d0c22560f017ad1aac5938daaf70c},
  pages = {182-187},
  publisher = {Springer},
  series = {Lecture Notes in Computer Science},
  title = {RelFinder: Revealing Relationships in RDF Knowledge Bases.},
  url = {http://dblp.uni-trier.de/db/conf/samt/samt2009.html#HeimHLLS09},
  volume = {5887},
  year = {2009},
  ee = {http://dx.doi.org/10.1007/978-3-642-10543-2_21},
  isbn = {978-3-642-10542-5},
  date = {2009-11-25}
}

@inproceedings{Langegger,
  author    = {Andreas Langegger and
               Martin Bl{\"o}chl and
               Wolfram W{\"o}{\ss}},
  title     = {Sharing Data on the Grid using Ontologies and distributed
               SPARQL Queries},
  booktitle = {DEXA Workshops},
  year      = {2007},
  pages     = {450-454},
  ee        = {http://doi.ieeecomputersociety.org/10.1109/DEXA.2007.127},
  bibsource = {DBLP, http://dblp.uni-trier.de}
}

@article{LinkedCT,
title={LinkedCT, http://linkedct.org/sparql}, 
url={http://linkedct.org/sparql}
} 

@article{Manola,
author={F. Manola and E. Miller},
title={RDF Primer, W3C Recommendation}, 
year={2004},
url={http://www.w3.org/TR/rdf-primer}
}

@article{McBride,
author={B. McBride},
title={Jena - A Semantic Web Framework},
url={http://jena.sourceforge.net}
}

@article {Pasquier,
author={Claude Pasquier},
title={Biological data integration using Semantic Web technologies},
journal={Biochimie},
volume={90}, 
pages={584-594},
year={2008}
}

@article{SPARQL,
author={E. Prud'hommeaux and A. Seaborne},
title={SPARQL Query Language for RDF.  W3C Recommendation},
year={2008},
url={http://www.w3.org/TR/rdf-sparql-query/}
}

@article{Pubmed,
title={Pubmed, http://pubmed.bio2rdf.org/sparql/},
url={http://pubmed.bio2rdf.org/sparql/}
}


@inproceedings{Quilitz,
  author    = {Bastian Quilitz and
               Ulf Leser},
  title     = {Querying Distributed RDF Data Sources with SPARQL},
  booktitle = {ESWC},
  year      = {2008},
  pages     = {524-538},
  ee        = {http://dx.doi.org/10.1007/978-3-540-68234-9_39},
  bibsource = {DBLP, http://dblp.uni-trier.de}
}

@article{Resig,
author={J. Resig},
title={JQuery --Javascript Library, http://jquery.com},
url={http://jquery.com/ }
}

@article{4store,
author={Garlik},
title={4store, An efficient, scalable and stable RDF database, http://4store.org/},
url={http://4store.org/}
}

@article {Smith,
author={Michael K. Smith and Chris Welty and Deborah L. McGuinness},
title={OWL Web Ontology Language},
year={2004},
url={http://www.w3.org/TR/owl-guide/}
}

@article{Yip,
author={YL Yip},
title={Accelerating Knowledge Discovery through Community Data Sharing and Integration},
journal={Yearb. Med Inform.},
year={2009}
}